@Book{textbook,
author = {Cuffey, K.M. and Paterson, W.S.B.},
title = {The {P}hysics of {G}laciers},
publisher = {Butterworth-Heinemann},
year = {2010},
edition = {4th},
}

@article {Flowers2014,
	author = {Flowers, Gwenn E.},
	title = {Modelling water flow under glaciers and ice sheets},
	volume = {471},
	number = {2176},
	year = {2015},
	doi = {10.1098/rspa.2014.0907},
	publisher = {The Royal Society},
	journal = {Proceedings of the Royal Society of London A: Mathematical, Physical and Engineering Sciences}
}

@article{Fountain1998,
  title={Water flow through temperate glaciers},
  author={Fountain, Andrew G and Walder, Joseph S},
  year={1998},
  doi={10.1029/97RG03579},
  journal={Reviews of Geophysics},
  pages={299--328}
}


@ARTICLE{Nye1976,
   author = {{Nye}, J.~F.},
    title = "{Water flow in glaciers: j{\"o}kulhlaups, tunnels and veins}",
  journal = {Journal of Glaciology},
     year = 1976,
   volume = 17,
    pages = {181-207}
}



@article{Nye1952,
  title={The mechanics of glacier flow},
  author={Nye, JF},
   journal={J. Glaciol},
  volume={2},
  number={12},
  pages={82--93},
  year={1952}
}

@article{Blatter2010,
  title={A short history of the thermomechanical theory and modelling of glaciers and ice sheets},
  author={Blatter, Heinz and Greve, Ralf and Abe-Ouchi, Ayako},
  journal={Journal of Glaciology},
  volume={56},
  number={200},
  pages={1087--1094},
  year={2010},
  publisher={International Glaciological Society},
doi={10.3189/002214311796406059}
}

@article{Waddington2010,
  title={Life, death and afterlife of the extrusion flow theory},
  author={Waddington, Edwin D},
  journal={Journal of Glaciology},
  volume={56},
  number={200},
  pages={973--996},
  year={2010},
  publisher={International Glaciological Society},
doi={10.3189/002214311796406022}
}

@article{Perutz1940,
  title={Mechanism of glacier flow},
  author={Perutz, MF},
  journal={Proceedings of the Physical Society},
  volume={52},
  number={1},
  pages={132-135},
  year={1940},
}

@inproceedings{Glen1955,
  title={The creep of polycrystalline ice},
  author={Glen, John W},
  booktitle={Proceedings of the Royal Society of London A: Mathematical, Physical and Engineering Sciences},
  volume={228},
  pages={519--538},
  year={1955},
  organization={The Royal Society},
  doi={10.1098/rspa.1955.0066}
}

@article{Goldsby2001,
  title={Superplastic deformation of ice: Experimental observations},
  author={Goldsby, DL and Kohlstedt, DL},
  journal={Journal of Geophysical Research: Solid Earth},
  volume={106},
  number={B6},
  pages={11017--11030},
  year={2001},
  publisher={Wiley Online Library},
  doin={10.1029/2000JB900336}
}

@Article{Hanna2013,
author = { Edward Hanna and	Francisco J. Navarro and Frank Pattyn and Catia M. Domingues and	Xavier Fettweis and Erik R. Ivins,	Robert J. Nicholls and	Catherine Ritz and Ben Smith and Slawek Tulaczyk and Pippa L. Whitehouse	and H. Jay Zwally},
title = {Ice-sheet mass balance and climate change},
journal = {Nature},
year = {2013},
volume = {498},
pages = {51-59},
}

@article{Shepherd2012,
author = {Shepherd, Andrew and Ivins, Erik R. and A, Geruo and Barletta, Valentina R. and Bentley, Mike J. and Bettadpur, Srinivas and Briggs, Kate H. and Bromwich, David H. and Forsberg, René and Galin, Natalia and Horwath, Martin and Jacobs, Stan and Joughin, Ian and King, Matt A. and Lenaerts, Jan T. M. and Li, Jilu and Ligtenberg, Stefan R. M. and Luckman, Adrian and Luthcke, Scott B. and McMillan, Malcolm and Meister, Rakia and Milne, Glenn and Mouginot, Jeremie and Muir, Alan and Nicolas, Julien P. and Paden, John and Payne, Antony J. and Pritchard, Hamish and Rignot, Eric and Rott, Helmut and Sørensen, Louise Sandberg and Scambos, Ted A. and Scheuchl, Bernd and Schrama, Ernst J. O. and Smith, Ben and Sundal, Aud V. and van Angelen, Jan H. and van de Berg, Willem J. and van den Broeke, Michiel R. and Vaughan, David G. and Velicogna, Isabella and Wahr, John and Whitehouse, Pippa L. and Wingham, Duncan J. and Yi, Donghui and Young, Duncan and Zwally, H. Jay}, 
title = {A Reconciled Estimate of Ice-Sheet Mass Balance},
volume = {338}, 
number = {6111}, 
pages = {1183-1189}, 
year = {2012}, 
journal = {Science} 
}

@article{Gardner2013,
author = {Gardner, Alex S. and Moholdt, Geir and Cogley, J. Graham and Wouters, Bert and Arendt, Anthony A. and Wahr, John and Berthier, Etienne and Hock, Regine and Pfeffer, W. Tad and Kaser, Georg and Ligtenberg, Stefan R. M. and Bolch, Tobias and Sharp, Martin J. and Hagen, Jon Ove and van den Broeke, Michiel R. and Paul, Frank}, 
title = {A Reconciled Estimate of Glacier Contributions to Sea Level Rise: 2003 to 2009},
volume = {340}, 
number = {6134}, 
pages = {852-857}, 
year = {2013}, 
journal = {Science} 
}

@article {Fountain1999,
author = {Fountain, Andrew G. and Vecchia, Aldo},
title = {How many Stakes are Required to Measure the Mass Balance of a Glacier?},
journal = {Geografiska Annaler: Series A, Physical Geography},
volume = {81},
number = {4},
pages = {563--573},
year = {1999},
}

@article {Pritchard2010,
author = "Pritchard, H.D. and Luthcke, S.B. and Fleming, A.H.",
title = "Understanding ice-sheet mass balance: progress in satellite altimetry and gravimetry",
journal = "Journal of Glaciology",
volume = "56",
number = "200",
year = "2010",
pages = "1151-1161",
doi = "10.3189/002214311796406194"
}

@article {Larsen2015,
author = {Larsen, C. F. and Burgess, E. and Arendt, A. A. and O'Neel, S. and Johnson, A. J. and Kienholz, C.},
title = {Surface melt dominates {A}laska glacier mass balance},
journal = {Geophysical Research Letters},
volume = {42},
number = {14},
doi = {10.1002/2015GL064349},
pages = {5902--5908},
year = {2015},
}

@article{Clarke1987,
  title={A short history of scientific investigations on glaciers},
  author={Clarke, GKC},
  journal={Journal of Glaciology},
  pages={4--24},
  year={1987},
  issue={Special Issue}
}

@Article{MacDougall2011,
author = {MacDougall, Andrew H. and Flowers, Gwenn E.},
title = {Spatial and Temporal Transferability of a Distributed Energy-Balance Glacier Melt Model},
journal = {Journal of Climate},
year = {2011},
volume = {24},
pages = {1480-1498},
doi = {10.1175/2010JCLI3821.1}
}

@Article{Ohmura2001,
author = {Ohmura, Atsumu},
title = {Physical Basis for the Temperature-Based Melt-Index Method},
journal = {Journal of Applied Meteorology},
year = {2001},
volume = {40},
pages = {753-761},
doi = {10.1175/1520-0450(2001)040<0753:PBFTTB{>}2.0.CO;2}
}

@article{Hock2005,
author = {Hock, Regine}, 
title = {Glacier melt: a review of processes and their modelling},
volume = {29}, 
number = {3}, 
pages = {362-391}, 
year = {2005}, 
doi = {10.1191/0309133305pp453ra}, 
URL = {http://ppg.sagepub.com/content/29/3/362.abstract}, 
journal = {Progress in Physical Geography} 
}

@article{Wilson2013,
  title={Comparison of thermal structure and evolution between neighboring subarctic glaciers},
  author={Wilson, Nat J and Flowers, Gwenn E and Mingo, Laurent},
  journal={Journal of Geophysical Research: Earth Surface},
  volume={118},
  number={3},
  pages={1443--1459},
  year={2013},
  publisher={Wiley Online Library},
  doi = {10.1002/jgrf.20096}
  }
  
  @article{Blatter1991,
  title={Polythermal conditions in {A}rctic glaciers},
  author={Blatter, Heinz and Hutter, Kolumban},
  journal={Journal of Glaciology},
  volume={37},
  pages={261--269},
  year={1990}
}

@article{Bjornsson1996,
  title={The thermal regime of sub-polar glaciers mapped by multi-frequency radio-echo sounding},
  author={Bj{\"o}rnsson, Helgi and Gjessing, Yngvar and Hamran, S.E. and Hagen, Jon Ove and Liest{\o}l, Olav and P{\'a}lsson, Finnur and Erlingsson, Bjorn},
  journal={Journal of Glaciology},
  volume={42},
  number={140},
  pages={23--32},
  year={1996},
  publisher={International Glaciological Society}
}

